<?xml version="1.0" encoding="UTF-8"?><collection xmlns="http://www.loc.gov/MARC21/slim"><record><leader>00403nam--2200145-i-4500</leader><controlfield tag="001">000002748</controlfield><controlfield tag="002">20161230</controlfield><controlfield tag="005">20170209234243</controlfield><controlfield tag="008">060222s1000------------r-----000-0-eng-d</controlfield><datafield ind1=" " ind2=" " tag="100"><subfield code="a">Colombani, M. A</subfield></datafield><datafield ind1=" " ind2=" " tag="245"><subfield code="a">Proprietes magnetiques des lamels matalliques minces</subfield></datafield><datafield ind1=" " ind2=" " tag="260"><subfield code="a">Paris</subfield><subfield code="b">Gauthier-Villars</subfield><subfield code="c">1954</subfield></datafield><datafield ind1=" " ind2=" " tag="300"><subfield code="a">79 p</subfield></datafield><datafield ind1=" " ind2=" " tag="490"><subfield code="a">Memorial Des Sciences Physiques</subfield></datafield><datafield ind1=" " ind2=" " tag="CAT"><subfield code="a">SYS</subfield><subfield code="c">20170209</subfield><subfield code="h">234243</subfield></datafield></record></collection>